@article{cameraconfiguration,
    author  = "H.Yamanoue",
    title   = "THE DIFFERENCES BETWEEN TOED-IN CAMERA CONFIGURATIONS AND PARALLEL CAMERA CONFIGURATIONS IN SHOOTING STEREOSCOPIC IMAGES",
}

@article{HapticInteraction,
    author  = "Diego C. Ruspini, Krasimir Kolarov and Oussama Khatib",
    title   = "Haptic Interaction in Virtual Environments",
}

@article{GodObject,
    author  = "C. B. Zilles J. K. Salisbury",
    title   = "A Constraint-based God-object Method For Haptic Display",
}

@article{greenwade93,
    author  = "George D. Greenwade",
    title   = "The {C}omprehensive {T}ex {A}rchive {N}etwork ({CTAN})",
    year    = "1993",
    journal = "TUGBoat",
    volume  = "14",
    number  = "3",
    pages   = "342--351"
}

@book{familiale,
    author    = " Martine Podesto; Marie-Anne Legault; Stephane Batigne; Mathieu Burgard",
    title     = "Encyclopedie familiale de la sante : comprendre, prevenir, soigner",
    year      = "2010",
    publisher = "Québec Amérique",
    address   = "Montreal"
}

@URL{GPUGems,
  title={GPUGems 2 Chapitre 37},
  address ={http://http.developer.nvidia.com/GPUGems2/gpugems2_chapter37.html},
}